<record><leader>00000cas a22000007a 4500</leader><controlfield tag="001">9567087</controlfield><controlfield tag="008">830602d19231926nbuwr ne      0    0ger d</controlfield><datafield ind1=" " ind2=" " tag="010"><subfield code="a">sn 83045656 </subfield></datafield><datafield ind1=" " ind2=" " tag="040"><subfield code="a">CRL</subfield><subfield code="b">eng</subfield><subfield code="c">CRL</subfield><subfield code="d">NPW</subfield><subfield code="d">INP</subfield><subfield code="d">NVG</subfield><subfield code="d">DLC</subfield><subfield code="d">CRL</subfield><subfield code="d">OCLCQ</subfield><subfield code="d">OCLCO</subfield></datafield><datafield ind1="1" ind2=" " tag="029"><subfield code="a">AU@</subfield><subfield code="b">000025816748</subfield></datafield><datafield ind1=" " ind2=" " tag="042"><subfield code="a">msc</subfield></datafield><datafield ind1=" " ind2=" " tag="043"><subfield code="a">n-us-nb</subfield><subfield code="a">n-us-ia</subfield></datafield><datafield ind1="0" ind2="0" tag="245"><subfield code="a">Freie Presse und wo&#776;chentliche Tribu&#776;ne.</subfield></datafield><datafield ind1="1" ind2="7" tag="246"><subfield code="a">Wo&#776;chentliche Omaha Tribu&#776;ne</subfield></datafield><datafield ind1=" " ind2=" " tag="260"><subfield code="a">Omaha :</subfield><subfield code="b">[s.n.,</subfield><subfield code="c">1923-1926]</subfield></datafield><datafield ind1=" " ind2=" " tag="300"><subfield code="a">4 v. :</subfield><subfield code="b">ill. ;</subfield><subfield code="c">55 cm.</subfield></datafield><datafield ind1=" " ind2=" " tag="310"><subfield code="a">Weekly</subfield></datafield><datafield ind1="0" ind2=" " tag="362"><subfield code="a">29. Ma&#776;rz 1923-25. Aug. 1926.</subfield></datafield><datafield ind1=" " ind2=" " tag="500"><subfield code="a">Published in Omaha and Norfolk, Neb. and Council Bluffs, Iowa; in Carroll, Iowa, June 28, 1923-Aug. 25, 1926.</subfield></datafield><datafield ind1=" " ind2=" " tag="530"><subfield code="a">Also available on microfilm from Center for Research Libraries.</subfield></datafield><datafield ind1=" " ind2=" " tag="546"><subfield code="a">In German.</subfield></datafield><datafield ind1=" " ind2=" " tag="580"><subfield code="a">Formed by the union of: Council Bluffs Beilage, and: Wo&#776;chentliche Tribu&#776;ne.</subfield></datafield><datafield ind1=" " ind2="0" tag="650"><subfield code="a">German Americans</subfield><subfield code="z">Nebraska</subfield><subfield code="v">Newspapers.</subfield></datafield><datafield ind1=" " ind2="0" tag="650"><subfield code="a">Germans Americans</subfield><subfield code="z">Iowa</subfield><subfield code="v">Newspapers.</subfield></datafield><datafield ind1=" " ind2="0" tag="650"><subfield code="a">German American newspapers.</subfield></datafield><datafield ind1=" " ind2=" " tag="752"><subfield code="a">United States</subfield><subfield code="b">Nebraska</subfield><subfield code="c">Douglas</subfield><subfield code="d">Omaha.</subfield></datafield><datafield ind1=" " ind2=" " tag="752"><subfield code="a">United States</subfield><subfield code="b">Nebraska</subfield><subfield code="c">Madison</subfield><subfield code="d">Norfolk.</subfield></datafield><datafield ind1=" " ind2=" " tag="752"><subfield code="a">United States</subfield><subfield code="b">Iowa</subfield><subfield code="c">Pottawattamie</subfield><subfield code="d">Council Bluffs.</subfield></datafield><datafield ind1="1" ind2="4" tag="780"><subfield code="t">Council Bluffs Beilage</subfield><subfield code="w">(DLC)sn 83045655</subfield><subfield code="w">(OCoLC)9567103</subfield></datafield><datafield ind1="1" ind2="4" tag="780"><subfield code="t">Wo&#776;chentliche Tribu&#776;ne</subfield><subfield code="w">(DLC)sn 83045654</subfield><subfield code="w">(OCoLC)9571256</subfield></datafield><datafield ind1="0" ind2="5" tag="780"><subfield code="t">Carroll Demokrat</subfield><subfield code="w">(DLC)sn 84038067</subfield><subfield code="w">(OCoLC)11153707</subfield></datafield><datafield ind1="0" ind2="5" tag="780"><subfield code="t">Weser-Nachrichten</subfield><subfield code="w">(DLC)sn 83045718</subfield><subfield code="w">(OCoLC)9593607</subfield></datafield><datafield ind1="0" ind2="0" tag="785"><subfield code="t">Wochenblatt der Omaha Tribu&#776;ne</subfield><subfield code="w">(DLC)sn 83045658</subfield><subfield code="w">(OCoLC)9567137</subfield></datafield><datafield ind1=" " ind2=" " tag="850"><subfield code="a">ICRL</subfield></datafield></record>